<?xml version="1.0" encoding="UTF-8"?><collection xmlns="http://www.loc.gov/MARC21/slim"><record><leader>00442nam--2200169-i-4500</leader><controlfield tag="001">000019698</controlfield><controlfield tag="002">20161230</controlfield><controlfield tag="005">20161230201033</controlfield><controlfield tag="008">060222s1000------------r-----000-0-rus-d</controlfield><datafield ind1=" " ind2=" " tag="041"><subfield code="a">rus</subfield></datafield><datafield ind1=" " ind2=" " tag="080"><subfield code="a">539.186.2/3(061.3)</subfield></datafield><datafield ind1="1" ind2=" " tag="100"><subfield code="a">Jucys, Adolfas</subfield></datafield><datafield ind1="1" ind2="0" tag="245"><subfield code="a">Izbrannie trudi</subfield><subfield code="b">Teoria mnogoelektronnih atomov</subfield><subfield code="c">Adolfas jucys</subfield></datafield><datafield ind1=" " ind2=" " tag="260"><subfield code="a">Vilnius</subfield><subfield code="b">Mokslas</subfield><subfield code="c">1978</subfield></datafield><datafield ind1=" " ind2=" " tag="300"><subfield code="a">140P</subfield></datafield><datafield ind1=" " ind2=" " tag="852"><subfield code="a">46306</subfield><subfield code="c">539.18</subfield></datafield><datafield ind1=" " ind2=" " tag="CAT"><subfield code="a">Sys</subfield><subfield code="c">20120704</subfield><subfield code="h">112957</subfield></datafield></record></collection>